@article{fredmantarjan1984,
   title = "Fibonacci heaps and their uses in improved network optimization algorithms",
   author = "Fredman, Michael Lawrence and Tarjan, Robert E.",
   journal = "25th Annual Symposium on Foundations of Computer Science (IEEE)",
   pages = "338--346",
   year = 1984
}

@article{freeman1979,
   title = "Centrality in Social Networks: Conceptual Clarification",
   author = "Freeman, Linton C.",
   journal = "Social Networks",
   volume = 1,
   pages = "215--239",
   year = 1979
}

@article{bonacich1972,
   title = "Factoring and Weighting Approaches to Status Scores and Clique Identification",
   author = "Bonacich, Phillip",
   journal = "Journal of Mathematical Sociology",
   volume = 2,
   pages = "113--120",
   year = 1972
}

@article{hubbell1965,
   title = "An Input-Output Approach to Clique Identification",
   author = "Hubbell, Charles H",
   journal = "Sociometry",
   volume = 28,
   pages = "377--399",
   year = 1965
}

@article{friedkin1991,
   title = "Theoretical Foundations for Centrality Measures",
   author = "Friedkin, Noah E.",
   journal = "Academic Journal of Sociology",
   volume = 96,
   number = 6,
   pages = "1478--1504",
   year = 1991
}

@article{pagerankoriginal,
   title = "The anatomy of a large-scale hypertextual Web search engine",
   author = "Brin, S. and Page, L.",
   journal = "Computer Networks and ISDN Systems",
   volume = 30,
   pages = "107--117",
   year = 1998
}

@article{perrafortunato2008,
   title = "Spectral centrality measures in complex networks",
   author = "Perra, Nicola and Fortunato, Santo",
   journal = "Physical Review E",
   volume = 78,
   year = 2008
}

@article{sabidussi1966,
   title = "The centrality index of a graph",
   author = "Sabidussi, G.",
   journal = "Psychometrika",
   volume = 31,
   pages = "581--603",
   year = 1966
}


@book{coleman1973,
   title = "The Mathematics of Collective Action",
   author = "Coleman, James S.",
   publisher = "Aldine Pub. Co.",
   address = "Chicago",
   year = 1973
}

@book{burt1982,
   title = "Toward a Structural Theory of Action",
   author = "Burt, Ronald S.",
   publisher = "Academic Press",
   address = "New York",
   year = 1982
}

@book{langvillemeyer,
   title = "Google's PageRank and Beyond: The Science of Search Engine Rankings",
   author = "Langville, Amy N. and Meyer, Carl D.",
   year = 2006,
   publisher = "Princeton University Press",
   address = "Princeton, NJ"
}

@book{salkind2008,
   title = "Encyclopedia of educational psychology",
   author = "Salkind, Neil J.",
   year = 2008,
   publisher = "Sage publications",
   address = "Thousand Oaks, CA"
}

@book{dasgupta,
   title = "Algorithms",
   author = "Dasgupta, S. and Papadimitriou, C. and Vazirani, U.",
   year = 2008,
   publisher = "McGraw-Hill",
   address = "New York, NY"
}

@book{williams2007,
   title = "Linear Algebra With Applications",
   author = "Williams, Gareth",
   year = 2007,
   publisher = "Jones \& Bartlett Learning",
   address = "Burlington, MA"
}

@book{visemalseed2005,
   title = "The Google Story",
   author = "Malseed, Mark and Vise, David",
   publisher = "Delacorte Press",
   address = "New York, NY",
   year = 2005
}


@ONLINE{hannemanriddle2005,
   title = "Introduction to Social Network Methods",
   author = "Hanneman, Robert A. and Riddle, Mark",
   year = 2005,
   cited = "11.03.2013",
   url = {http://faculty.ucr.edu/~hanneman/nettext/}
}

@ONLINE{libraryamnh,
   author = "AMNH Research Library",
   title = "Citation \& Full-text Databases",
   cited = "23.03.2013",
   url = {http://library.amnh.org/research-tools/citation-full-text-databases}
}

@ONLINE{DBLP,
   author = "Universit√§t Trier",
   title = "DBLP Bibliography",
   cited = "19.03.2013",
   url = {http://www.informatik.uni-trier.de/~ley/db}
}

@ONLINE{citeseer,
   author = "The Pennsylvania State University",
   title = "CiteSeerX",
   cited = "23.03.2013",
   url = {http://citeseerx.ist.psu.edu}
}

@ONLINE{turingaward,
   author = "Association for Computing Machinery",
   title = "A.M. Turing Award",
   cited = "15.03.2013",
   url = {http://amturing.acm.org}
}

@ONLINE{sigmodinnovations,
   author = "ACM SIGMOD",
   title = "SIGMOD Awards",
   cited = "15.03.2013",
   url = {http://www.sigmod.org/sigmod-awards}
}

@ONLINE{acmfellows,
   author = "Association for Computing Machinery",
   title = "ACM Fellows",
   cited = "15.03.2013",
   url = {http://fellows.acm.org/}
}

@ONLINE{highlycited,
   author = "Thomson Reuters",
   title = "Highly Cited Research",
   cited = "15.03.2013",
   url = {http://researchanalytics.thomsonreuters.com/highlycited/}
}

@ONLINE{zweigiyengar2010,
   author = "Zweig, K. and Iyengar, Sudarshan",
   title = "An introduction to Centrality measures - An Introductry Course on Network Analysis",
   cited = "20.04.2013",
   year = 2010,
   url = {https://sites.google.com/site/networkanalysisacourse/schedule/an-introduction-to-centrality-measures}
}

@ONLINE{page1997,
   title = "PageRank: Bringing Order to the Web",
   author = "Page, Larry",
   url = {http://web.archive.org/web/20020506051802/www-diglib.stanford.edu/cgi-bin/WP/get/SIDL-WP-1997-0072?1},
   cited = "20.04.2013",
   year = 1997
}
