@article{hirsch,
   title = "An index to quantify an individual's scientific research output",
   author = "Hirsch, J. E.",
   journal = "PNAS",
   volume = 102,
   number = 46,
   pages = "16569--16572",
   year = 2005
}

@article{pagerankoriginal,
   title = "The anatomy of a large-scale hypertextual Web search engine",
   author = "Brin, S. and Page, L.",
   journal = "Computer Networks and ISDN Systems",
   volume = 30,
   pages = "107--117",
   year = 1998
}

@article{dangalchev,
   title = "Residual Closeness in Networks",
   author = "Dangalchev, Ch.",
   journal = "Phisica A",
   volume = "365",
   pages = 556,
   year = 2006
}

@article{sabidussi,
   title = "The centrality index of a graph",
   author = "Sabidussi, G.",
   journal = "Psychometrika",
   volume = 31,
   pages = "581--603",
   year = 1966
}

@article{katz,
   title = "A New Status Index Derived from Sociometric index",
   author = "Katz, L.",
   journal = "Psychometrika",
   volume = 18,
   pages = "39--43",
   year = 1953
}

@unpublished{reciprocal,
   title = "Using social network analysis to enhance information retrieval systems",
   author = "Kirchhoff, L. and Stanoevska-Slabeva, K. and Nicolai, T. and Fleck, M.",
   year = 2008
}

@unpublished{largenetworks,
   title = "Centralities in Large Networks: Algorithms and Observations",
   author = "Kang, U. and Papadimitriou, S. and Sun, J. and Tong, H."
}


@book{langvillemeyer,
   title = "Google's PageRank and Beyond: The Science of Search Engine Rankings",
   author = "Langville, Amy N. and Meyer, Carl D.",
   year = "2006",
   publisher = "Princeton University Press",
   address = "Princeton, NJ"
}

@book{dasgupta,
   title = "Algorithms",
   author = "Dasgupta, S. and Papadimitriou, C. and Vazirani, U.",
   year = 2008,
   publisher = "McGraw-Hill"
}

@book{newman,
   title = "Networks: An Introduction.",
   author = "Newman, M. E.",
   year = 2010,
   publisher = "Oxford University Press",
   address = "New York, NY"
}

@misc{sigmodinnovations,
   title = "SIGMOD Awards",
   howpublished = "\url{http://www.sigmod.org/sigmod-awards}"
}
@misc{turingaward,
   title = "A.M. Turing Award",
   howpublished = "\url{http://amturing.acm.org}"
}
@misc{citeseer,
   title = "CiteSeerX",
   howpublished = "\url{http://citeseerx.ist.psu.edu}"
}
@misc{DBLP,
   title = "DBLP Bibliography",
   howpublished = "\url{http://www.informatik.uni-trier.de/~ley/db}"
}

@misc{pagerankweb,
   title = "Feature Column from the AMS",
   howpublished = "\url{http://www.ams.org/samplings/feature-column/fcarc-pagerank}"
}

@misc{acmfellows,
   title = "ACM Fellows",
   howpublished = "\url{http://fellows.acm.org/}"
}

@misc{highlycited,
   title = "Highly Cited Research",
   howpublished = "\url{http://researchanalytics.thomsonreuters.com/highlycited/}"
}
